@Manual{R-base,
  title = {R: A Language and Environment for Statistical Computing},
  author = {{R Core Team}},
  organization = {R Foundation for Statistical Computing},
  address = {Vienna, Austria},
  year = {2018},
  url = {https://www.R-project.org/},
}
@Manual{R-papaja,
  author = {Frederik Aust and Marius Barth},
  title = {{papaja}: {Create} {APA} manuscripts with {R Markdown}},
  year = {2018},
  note = {R package version 0.1.0.9842},
  url = {https://github.com/crsh/papaja},
}
@Manual{R-CodeDepends,
  title = {CodeDepends: Analysis of R Code for Reproducible Research and Code
Comprehension},
  author = {Duncan Temple Lang and Roger Peng and Deborah Nolan and Gabriel Becker},
  year = {2018},
  note = {R package version 0.6.5},
  url = {https://CRAN.R-project.org/package=CodeDepends},
}
@Manual{R-DataExplorer,
  title = {DataExplorer: Data Explorer},
  author = {Boxuan Cui},
  year = {2018},
  note = {R package version 0.7.0},
  url = {https://CRAN.R-project.org/package=DataExplorer},
}
@Manual{R-DiagrammeR,
  title = {DiagrammeR: Graph/Network Visualization},
  author = {Richard Iannone},
  year = {2018},
  note = {R package version 1.0.0},
  url = {https://CRAN.R-project.org/package=DiagrammeR},
}
@Manual{R-dplyr,
  title = {dplyr: A Grammar of Data Manipulation},
  author = {Hadley Wickham and Romain François and Lionel Henry and Kirill Müller},
  year = {2019},
  note = {R package version 0.8.3},
  url = {https://CRAN.R-project.org/package=dplyr},
}
@Manual{R-EndoMineR,
  title = {EndoMineR: Functions to mine endoscopic and associated pathology datasets},
  author = {Sebastian Zeki},
  note = {https://sebastiz.github.io/EndoMineR/index.html, https://github.com/ropensci/EndoMineR},
}
@Manual{R-finalfit,
  title = {finalfit: Quickly Create Elegant Regression Results Tables and Plots when
Modelling},
  author = {Ewen Harrison and Tom Drake and Riinu Ots},
  year = {2019},
  note = {R package version 0.9.1},
  url = {https://CRAN.R-project.org/package=finalfit},
}
@Manual{R-here,
  title = {here: A Simpler Way to Find Your Files},
  author = {Kirill Müller},
  year = {2017},
  note = {R package version 0.1},
  url = {https://CRAN.R-project.org/package=here},
}
@Manual{R-kableExtra,
  title = {kableExtra: Construct Complex Table with 'kable' and Pipe Syntax},
  author = {Hao Zhu},
  year = {2018},
  note = {R package version 0.9.0},
  url = {https://CRAN.R-project.org/package=kableExtra},
}
@Book{R-knitr,
  title = {Dynamic Documents with {R} and knitr},
  author = {Yihui Xie},
  publisher = {Chapman and Hall/CRC},
  address = {Boca Raton, Florida},
  year = {2015},
  edition = {2nd},
  note = {ISBN 978-1498716963},
  url = {https://yihui.name/knitr/},
}
@Manual{R-PhysiMineR,
  title = {PhysiMineR: Functions to extract, clean, manipulate and analyse upper gastrointestinal physiological parameters},
  author = {Sebastian Zeki},
  note = {R package version 0.0.0.9000},
  url = {https://sebastiz.github.io/PhysiMineR/index.html},
}
@Manual{R-readxl,
  title = {readxl: Read Excel Files},
  author = {Hadley Wickham and Jennifer Bryan},
  year = {2019},
  note = {R package version 1.3.1},
  url = {https://CRAN.R-project.org/package=readxl},
}
@Manual{R-stringr,
  title = {stringr: Simple, Consistent Wrappers for Common String Operations},
  author = {Hadley Wickham},
  year = {2019},
  note = {R package version 1.4.0},
  url = {https://CRAN.R-project.org/package=stringr},
}
@Manual{R-tidyr,
  title = {tidyr: Easily Tidy Data with 'spread()' and 'gather()' Functions},
  author = {Hadley Wickham and Lionel Henry},
  year = {2019},
  note = {R package version 0.8.3},
  url = {https://CRAN.R-project.org/package=tidyr},
}
@Manual{R-eeptools,
  title = {eeptools: Convenience Functions for Education Data},
  author = {Jared E. Knowles},
  year = {2019},
  note = {R package version 1.2.2},
  url = {https://CRAN.R-project.org/package=eeptools},
}
@Manual{R-ggbeeswarm,
  title = {ggbeeswarm: Categorical Scatter (Violin Point) Plots},
  author = {Erik Clarke and Scott Sherrill-Mix},
  year = {2017},
  note = {R package version 0.6.0},
  url = {https://CRAN.R-project.org/package=ggbeeswarm},
}
@Book{R-ggplot2,
  author = {Hadley Wickham},
  title = {ggplot2: Elegant Graphics for Data Analysis},
  publisher = {Springer-Verlag New York},
  year = {2016},
  isbn = {978-3-319-24277-4},
  url = {https://ggplot2.tidyverse.org},
}
@Manual{R-gridExtra,
  title = {gridExtra: Miscellaneous Functions for "Grid" Graphics},
  author = {Baptiste Auguie},
  year = {2017},
  note = {R package version 2.3},
  url = {https://CRAN.R-project.org/package=gridExtra},
}
@Book{R-lattice,
  title = {Lattice: Multivariate Data Visualization with R},
  author = {Deepayan Sarkar},
  publisher = {Springer},
  address = {New York},
  year = {2008},
  note = {ISBN 978-0-387-75968-5},
  url = {http://lmdvr.r-forge.r-project.org},
}
@Article{R-mice,
  title = {{mice}: Multivariate Imputation by Chained Equations in R},
  author = {Stef {van Buuren} and Karin Groothuis-Oudshoorn},
  journal = {Journal of Statistical Software},
  year = {2011},
  volume = {45},
  number = {3},
  pages = {1-67},
  url = {https://www.jstatsoft.org/v45/i03/},
}
@Manual{R-haplo.stats,
  title = {haplo.stats: Statistical Analysis of Haplotypes with Traits and Covariates
when Linkage Phase is Ambiguous},
  author = {Sinnwell JP and Schaid DJ},
  year = {2018},
  note = {R package version 1.7.9},
  url = {https://CRAN.R-project.org/package=haplo.stats},
}
@Book{R-mvtnorm,
  title = {Computation of Multivariate Normal and t Probabilities},
  author = {Alan Genz and Frank Bretz},
  series = {Lecture Notes in Statistics},
  year = {2009},
  publisher = {Springer-Verlag},
  address = {Heidelberg},
  isbn = {978-3-642-01688-2},
}
@Manual{R-SNPassoc,
  title = {SNPassoc: SNPs-based whole genome association studies},
  author = {Juan R González and Lluís Armengol and Elisabet Guinó and Xavier Solé and Víctor Moreno},
  year = {2014},
  note = {R package version 1.9-2},
  url = {https://CRAN.R-project.org/package=SNPassoc},
}
@Book{R-survival-book,
  title = {Modeling Survival Data: Extending the {C}ox Model},
  author = {{Terry M. Therneau} and {Patricia M. Grambsch}},
  year = {2000},
  publisher = {Springer},
  address = {New York},
  isbn = {0-387-98784-3},
}
@Manual{R-cutpointr,
  title = {cutpointr: Determine and Evaluate Optimal Cutpoints in Binary
Classification Tasks},
  author = {Christian Thiele},
  year = {2019},
  note = {R package version 0.7.6},
  url = {https://CRAN.R-project.org/package=cutpointr},
}
