@Manual{R-EndoMineR,
  title = {EndoMineR: Functions to mine endoscopic and associated pathology datasets},
  author = {Sebastian Zeki},
   year = {2018},
  note = {https://sebastiz.github.io/EndoMineR/index.html, https://github.com/ropensci/EndoMineR},
}

@Manual{R-PhysiMineR,
  title = {PhysiMineR: Functions to extract, clean, manipulate and analyse upper gastrointestinal physiological parameters},
  author = {Sebastian Zeki},
  year = {2018},
  note = {R package version 0.0.0.9000},
  url = {https://sebastiz.github.io/PhysiMineR/index.html},
}


@article{Pandolfino2003a,
author = {Pandolfino, J},
doi = {10.1016/S0002-9270(03)00062-5},
issn = {00029270},
journal = {The American Journal of Gastroenterology},
month = {apr},
number = {4},
pages = {740--749},
title = {{Ambulatory esophageal pH monitoring using a wireless system}},
url = {http://linkinghub.elsevier.com/retrieve/pii/S0002927003000625},
volume = {98},
year = {2003}
}
@article{Wong2005a,
author = {Wong, W.-M. and Bautista, J. and Dekel, R. and Malagon, I. B. and Tuchinsky, I. and Green, C. and Dickman, R. and Esquivel, R. and Fass, R.},
doi = {10.1111/j.1365-2036.2005.02313.x},
issn = {0269-2813},
journal = {Alimentary Pharmacology and Therapeutics},
month = {jan},
number = {2},
pages = {155--163},
title = {{Feasibility and tolerability of transnasal/per-oral placement of the wireless pH capsule vs. traditional 24-h oesophageal pH monitoring - a randomized trial}},
url = {http://doi.wiley.com/10.1111/j.1365-2036.2005.02313.x},
volume = {21},
year = {2005}
}
@article{Scarpulla2007a,
author = {Scarpulla, Giuseppe and Camilleri, Salvatore and Galante, Pietro and Manganaro, Miohele and Fox, Mark},
doi = {10.1111/j.1572-0241.2007.01461.x},
issn = {0002-9270},
journal = {The American Journal of Gastroenterology},
month = {dec},
number = {12},
pages = {2642--2647},
title = {{The Impact of Prolonged pH Measurements on the Diagnosis of Gastroesophageal Reflux Disease: 4-Day Wireless pH Studies}},
url = {http://www.nature.com/doifinder/10.1111/j.1572-0241.2007.01461.x},
volume = {102},
year = {2007}
}
@article{ANG2010,
author = {Ang, Daphne and Teo, Eng Kiong and Ang, Tiing Leong and Ong, Jeannie and Poh, Choo Hean and Tan, Jessica and Fock, Kwong Ming},
doi = {10.1111/j.1751-2980.2009.00409.x},
issn = {17512972},
journal = {Journal of Digestive Diseases},
month = {feb},
number = {1},
pages = {19--27},
title = {{To Bravo or not? A comparison of wireless esophageal pH monitoring and conventional pH catheter to evaluate non-erosive gastroesophageal reflux disease in a multiracial Asian cohort}},
url = {http://doi.wiley.com/10.1111/j.1751-2980.2009.00409.x},
volume = {11},
year = {2010}
}
@article{Savarino2011,
author = {Savarino, E. and Gemignani, L. and Pohl, D. and Zentilin, P. and Dulbecco, P. and Assandri, L. and Marabotto, E. and Bonfanti, D. and Inferrera, S. and Fazio, V. and Malesci, A. and Tutuian, R. and Savarino, V.},
doi = {10.1111/j.1365-2036.2011.04742.x},
issn = {02692813},
journal = {Alimentary Pharmacology {\&} Therapeutics},
month = {aug},
number = {4},
pages = {476--486},
title = {{Oesophageal motility and bolus transit abnormalities increase in parallel with the severity of gastro-oesophageal reflux disease}},
url = {http://doi.wiley.com/10.1111/j.1365-2036.2011.04742.x},
volume = {34},
year = {2011}
}
@article{FORNARI2007,
author = {Fornari, F. and Blondeau, K. and Durand, L. and Rey, E. and Diaz-Rubio, M. and {De Meyer}, A. and Tack, J. and Sifrim, D.},
doi = {10.1111/j.1365-2036.2007.03525.x},
issn = {02692813},
journal = {Alimentary Pharmacology {\&} Therapeutics},
month = {nov},
number = {10},
pages = {1345--1354},
title = {{Relevance of mild ineffective oesophageal motility (IOM) and potential pharmacological reversibility of severe IOM in patients with gastro-oesophageal reflux disease}},
url = {http://doi.wiley.com/10.1111/j.1365-2036.2007.03525.x},
volume = {26},
year = {2007}
}
@article{SZeki2018,
author = {{S Zeki}, Sebastian},
doi = {10.21105/joss.00701},
issn = {2475-9066},
journal = {Journal of Open Source Software},
month = {apr},
number = {24},
pages = {701},
title = {{EndoMineR for the extraction of endoscopic and associated pathology data from medical reports}},
url = {http://joss.theoj.org/papers/10.21105/joss.00701},
volume = {3},
year = {2018}
}
@article{TSENG2005a,
author = {Tseng, D and A, Rizvi and Fennerty, M and Jobe, B and Diggs, B and Sheppard, B and Gross, S and Swanstrom, L and White, N and Aye, R},
doi = {10.1016/j.gassur.2005.07.011},
issn = {1091255X},
journal = {Journal of Gastrointestinal Surgery},
month = {nov},
number = {8},
pages = {1043--1052},
title = {{Forty-Eight-Hour pH Monitoring Increases Sensitivity in Detecting Abnormal Esophageal Acid Exposure}},
url = {https://linkinghub.elsevier.com/retrieve/pii/S1091255X05005615},
volume = {9},
year = {2005}
}
@article{Scarpulla2007,
author = {Scarpulla, Giuseppe and Camilleri, Salvatore and Galante, Pietro and Manganaro, Miohele and Fox, Mark},
doi = {10.1111/j.1572-0241.2007.01461.x},
issn = {0002-9270},
journal = {The American Journal of Gastroenterology},
month = {dec},
number = {12},
pages = {2642--2647},
title = {{The Impact of Prolonged pH Measurements on the Diagnosis of Gastroesophageal Reflux Disease: 4-Day Wireless pH Studies}},
url = {http://www.nature.com/doifinder/10.1111/j.1572-0241.2007.01461.x},
volume = {102},
year = {2007}
}
@article{Sweis2009,
author = {Sweis, R. and Fox, M. and Anggiansah, R. and Anggiansah, A. and Basavaraju, K. and Canavan, R. and Wong, T.},
doi = {10.1111/j.1365-2036.2008.03923.x},
issn = {02692813},
journal = {Alimentary Pharmacology {\&} Therapeutics},
month = {mar},
number = {6},
pages = {669--676},
title = {{Patient acceptance and clinical impact of Bravo monitoring in patients with previous failed catheter-based studies}},
url = {http://doi.wiley.com/10.1111/j.1365-2036.2008.03923.x},
volume = {29},
year = {2009}
}
@article{Pandolfino2003,
author = {Pandolfino, John E. and Richter, Joel E. and Ours, Tina and Guardino, Jason M. and Chapman, Jennifer and Kahrilas, Peter J.},
doi = {10.1111/j.1572-0241.2003.07398.x},
issn = {0002-9270},
journal = {The American Journal of Gastroenterology},
month = {apr},
number = {4},
pages = {740--749},
title = {{Ambulatory esophageal pH monitoring using a wireless system}},
url = {http://www.nature.com/doifinder/10.1111/j.1572-0241.2003.07398.x},
volume = {98},
year = {2003}
}
@article{Wenner2005,
author = {Wenner, J{\"{o}}rgen and Johnsson, Folke and Johansson, Jan and {\"{O}}berg, Stefan},
doi = {10.1080/00365520510023602},
issn = {0036-5521},
journal = {Scandinavian Journal of Gastroenterology},
month = {jan},
number = {7},
pages = {768--774},
title = {{Wireless oesophageal pH monitoring: Feasibility, safety and normal values in healthy subjects}},
url = {http://www.tandfonline.com/doi/full/10.1080/00365520510023602},
volume = {40},
year = {2005}
}
@article{Gyawali2018,
author = {Gyawali, C Prakash and Kahrilas, Peter J and Savarino, Edoardo and Zerbib, Frank and Mion, Francois and Smout, Andr{\'{e}} J P M and Vaezi, Michael and Sifrim, Daniel and Fox, Mark R and Vela, Marcelo F and Tutuian, Radu and Tack, Jan and Bredenoord, Albert J and Pandolfino, John and Roman, Sabine},
doi = {10.1136/gutjnl-2017-314722},
issn = {0017-5749},
journal = {Gut},
month = {jul},
number = {7},
pages = {1351--1362},
title = {{Modern diagnosis of GERD: the Lyon Consensus}},
url = {http://gut.bmj.com/lookup/doi/10.1136/gutjnl-2017-314722},
volume = {67},
year = {2018}
}
@article{Sweis2011,
author = {Sweis, R. and Fox, M. and Anggiansah, A. and Wong, T.},
doi = {10.1111/j.1365-2982.2010.01663.x},
issn = {13501925},
journal = {Neurogastroenterology {\&} Motility},
month = {may},
number = {5},
pages = {419--426},
title = {{Prolonged, wireless pH-studies have a high diagnostic yield in patients with reflux symptoms and negative 24-h catheter-based pH-studies}},
url = {http://doi.wiley.com/10.1111/j.1365-2982.2010.01663.x},
volume = {23},
year = {2011}
}
@article{Fass1999,
author = {Fass, R and Hell, R and Sampliner, R E and Pulliam, G and Graver, E and Hartz, V and Johnson, C and Jaffe, P},
doi = {10.1023/a:1026608804938},
issn = {0163-2116},
journal = {Digestive diseases and sciences},
month = {nov},
number = {11},
pages = {2263--9},
pmid = {10573372},
title = {{Effect of ambulatory 24-hour esophageal pH monitoring on reflux-provoking activities.}},
url = {http://www.ncbi.nlm.nih.gov/pubmed/10573372},
volume = {44},
year = {1999}
}
@article{Kahrilas2015,
author = {Kahrilas, P. J. and Bredenoord, A. J. and Fox, M. and Gyawali, C. P. and Roman, S. and Smout, A. J. P. M. and Pandolfino, J. E.},
doi = {10.1111/nmo.12477},
issn = {13501925},
journal = {Neurogastroenterology {\&} Motility},
month = {feb},
number = {2},
pages = {160--174},
title = {{The Chicago Classification of esophageal motility disorders, v3.0}},
url = {http://doi.wiley.com/10.1111/nmo.12477},
volume = {27},
year = {2015}
}
@article{VanHoeij2015,
author = {van Hoeij, F. B. and Smout, A. J. and Bredenoord, A. J.},
doi = {10.1111/nmo.12570},
issn = {13501925},
journal = {Neurogastroenterology {\&} Motility},
month = {jul},
number = {7},
pages = {963--970},
title = {{Predictive value of routine esophageal high-resolution manometry for gastro-esophageal reflux disease}},
url = {http://doi.wiley.com/10.1111/nmo.12570},
volume = {27},
year = {2015}
}
@article{Penagini2015,
doi = {10.5056/jnm14075},
issn = {20930887},
journal = {Journal of Neurogastroenterology and Motility},
keywords = {Esophageal pH monitoring,Gastroesophageal reflux,Proton pump inhibitors},
title = {{Inconsistency in the diagnosis of functional heartburn: Usefulness of prolonged wireless ph monitoring in patients with proton pump inhibitor refractory gastroesophageal reflux disease}},
year = {2015}
}
